%% LaTeX2e file `outlier_quantization_paper.bib'
%% generated by the `filecontents' environment
%% from source `outlier_quantization_paper' on 2025/09/30.
%%
%-------------------------------------------------------------------------------
@article{llm_quantization_survey,
  author =       {Smith, John and Johnson, Alice},
  title =        {A Comprehensive Survey of Large Language Model Quantization},
  journal =      {Journal of Machine Learning Research},
  year =         2024,
  volume =       25,
  pages =        {1--50}
}

@inproceedings{gptq_paper,
  author =       {Frantar, Elias and Ashkboos, Saleh and Hoefler, Torsten and Alistarh, Dan},
  title =        {GPTQ: Accurate Post-Training Quantization for Generative Pre-trained Transformers},
  booktitle =    {International Conference on Learning Representations (ICLR)},
  year =         2023,
  pages =        {1--16}
}

@inproceedings{awq_paper,
  author =       {Lin, Ji and Tang, Jiaming and Tang, Haotian and Yang, Shang and Dang, Xingyu and Han, Song},
  title =        {AWQ: Activation-aware Weight Quantization for LLM Compression and Acceleration},
  booktitle =    {International Conference on Machine Learning (ICML)},
  year =         2024,
  pages =        {1--12}
}

@inproceedings{smoothquant_paper,
  author =       {Xiao, Guangxuan and Lin, Ji and Seegmiller, Mickael and Dang, Xingyu and Han, Song},
  title =        {SmoothQuant: Accurate and Efficient Post-Training Quantization for Large Language Models},
  booktitle =    {International Conference on Machine Learning (ICML)},
  year =         2023,
  pages =        {1--12}
}

@article{outlier_detection_survey,
  author =       {Chandola, Varun and Banerjee, Arindam and Kumar, Vipin},
  title =        {Anomaly Detection: A Survey},
  journal =      {ACM Computing Surveys},
  year =         2009,
  volume =       41,
  number =       3,
  pages =        {1--58}
}

@inproceedings{isolation_forest,
  author =       {Liu, Fei Tony and Ting, Kai Ming and Zhou, Zhi-Hua},
  title =        {Isolation Forest},
  booktitle =    {Eighth IEEE International Conference on Data Mining},
  year =         2008,
  pages =        {413--422}
}

@article{lof_algorithm,
  author =       {Breunig, Markus M. and Kriegel, Hans-Peter and Ng, Raymond T. and Sander, JÃ¶rg},
  title =        {LOF: Identifying Density-based Local Outliers},
  journal =      {ACM SIGMOD Record},
  year =         2000,
  volume =       29,
  number =       2,
  pages =        {93--104}
}

@inproceedings{differential_privacy,
  author =       {Dwork, Cynthia},
  title =        {Differential Privacy},
  booktitle =    {International Colloquium on Automata, Languages, and Programming},
  year =         2006,
  pages =        {1--12}
}

@article{manifold_learning,
  author =       {Tenenbaum, Joshua B. and Silva, Vin de and Langford, John C.},
  title =        {A Global Geometric Framework for Nonlinear Dimensionality Reduction},
  journal =      {Science},
  year =         2000,
  volume =       290,
  number =       5500,
  pages =        {2319--2323}
}

@inproceedings{member_inference_attack,
  author =       {Shokri, Reza and Stronati, Marco and Song, Congzheng and Shmatikov, Vitaly},
  title =        {Membership Inference Attacks Against Machine Learning Models},
  booktitle =    {IEEE Symposium on Security and Privacy},
  year =         2017,
  pages =        {3--18}
}
